@inproceedings{Zhu2025DyT,
  title={Transformers without Normalization},
  author={Zhu, Jiachen and Chen, Xinlei and He, Kaiming and LeCun, Yann and Liu, Zhuang},
  booktitle={Proceedings of the IEEE/CVF Conference on Computer Vision and Pattern Recognition (CVPR)},
  year={2025}
}
